
@inproceedings{Campus2004,
  author =       "{Tristan Henderson, David Kotz, Ilya Abyzov}",
  title =        "{The Changing Usage of a Mature Campus-wide Wireless Network}",
  booktitle =      "Proceedings of MobiCom’04",
  address =      "Philadelphia, PA, USA",
  month =        "Oct.",
  year =         "2004"
} 

@misc{NIST,
 title = "National Institute of Standards and Technology",
 month = "nist.gov"
}

@inproceedings{SSL,
  author =       "{V. Beltran, J. Guitart, D. Carrera, J. Torres, E. Ayguadé and J. Labarta}",
  title =        "{Performance Impact of Using SSL on Dynamic Web Applications}",
  booktitle =      "9th International Parallel and Distributed Symposium (IPDPS’05)",
  address =      "Denver, CO, USA",
  month =        "April",
  year =         "2005"
} 

@inproceedings{Smartphones,
  author =       "{A. B. M. Musa and Jakob Eriksson}",
  title =        "{Tracking Unmodified Smartphones Using Wi-Fi Monitors}",
  booktitle =      "Proceedings of SenSys’12",
  address =      "Toronto, ON, Canada",
  month =        "Nov.",
  year =         "2012"
} 

@misc{p0f,
 title = "Passive OS fingerprinting tool",
 author = "M. Zalewski",
 year = "2003"
}

@inproceedings{Campus2002,
  author =       "{David Kotz and Kobby Essien}",
  title =        "{Analysis of a Campus-wide Wireless Network}",
  booktitle =      "Proceedings of MobiCom’02",
  address =      "Atlanta, Georgia, USA",
  month =        "Sept.",
  year =         "2002"
} 

@inproceedings{Campus2011,
  author =       "{Sanadi Al Maskari, Dinesh K. Saini, Swati Y Raut and Lingraj A Hadimani}",
  title =        "{Security and Vulnerability Issues in University Networks}",
  booktitle =      "Proceedings of the World Congress on Engineering",
  volume =       "1",
  address =      "London, U.K.",
  month =        "July",
  year =         "2011"
} 

